<?xml version="1.0" encoding="UTF-8"?><collection xmlns="http://www.loc.gov/MARC21/slim"><record><leader>00335nam--2200133-i-4500</leader><controlfield tag="001">000049787</controlfield><controlfield tag="002">20161230</controlfield><controlfield tag="005">20161230201047</controlfield><controlfield tag="008">060222s1000------------r-----000-0-eng-d</controlfield><datafield ind1=" " ind2=" " tag="080"><subfield code="a">519.832</subfield></datafield><datafield ind1=" " ind2=" " tag="100"><subfield code="a">Auman, P. I Chepli, L</subfield></datafield><datafield ind1=" " ind2=" " tag="245"><subfield code="a">Znachenia dlia neatomicheskih igr</subfield></datafield><datafield ind1=" " ind2=" " tag="260"><subfield code="a">Moskva, Izdatelstvo Mir, 1977, 355s</subfield></datafield><datafield ind1=" " ind2=" " tag="852"><subfield code="a">46241</subfield></datafield></record></collection>